
{"e":"aggTrade","E":1740734172163,"a":2594864073,"s":"BTCUSDT","p":"79342.50","q":"0.002","f":6020819960,"l":6020819960,"T":1740734172159,"m":false}
{"e":"aggTrade","E":1740734172163,"a":2594864074,"s":"BTCUSDT","p":"79343.40","q":"0.014","f":6020819961,"l":6020819962,"T":1740734172159,"m":false}
{"e":"aggTrade","E":1740734172163,"a":2594864075,"s":"BTCUSDT","p":"79343.60","q":"0.003","f":6020819963,"l":6020819963,"T":1740734172159,"m":false}
{"e":"aggTrade","E":1740734172163,"a":2594864076,"s":"BTCUSDT","p":"79343.90","q":"0.002","f":6020819964,"l":6020819964,"T":1740734172159,"m":false}
{"e":"aggTrade","E":1740734172163,"a":2594864077,"s":"BTCUSDT","p":"79344.00","q":"0.006","f":6020819965,"l":6020819966,"T":1740734172159,"m":false}
{"e":"aggTrade","E":1740734172175,"a":2594864078,"s":"BTCUSDT","p":"79344.10","q":"0.190","f":6020819967,"l":6020819967,"T":1740734172159,"m":false}
{"e":"aggTrade","E":1740734172273,"a":2594864079,"s":"BTCUSDT","p":"79344.80","q":"0.026","f":6020819968,"l":6020819973,"T":1740734172169,"m":false}
{"e":"aggTrade","E":1740734172358,"a":2594864080,"s":"BTCUSDT","p":"79344.70","q":"0.007","f":6020819974,"l":6020819974,"T":1740734172270,"m":true}
{"e":"aggTrade","E":1740734172359,"a":2594864081,"s":"BTCUSDT","p":"79344.80","q":"0.317","f":6020819975,"l":6020819978,"T":1740734172354,"m":false}
{"e":"aggTrade","E":1740734172359,"a":2594864082,"s":"BTCUSDT","p":"79345.50","q":"0.033","f":6020819979,"l":6020819980,"T":1740734172355,"m":false}
{"e":"aggTrade","E":1740734172361,"a":2594864083,"s":"BTCUSDT","p":"79345.70","q":"0.002","f":6020819981,"l":6020819981,"T":1740734172355,"m":false}
{"e":"aggTrade","E":1740734172361,"a":2594864084,"s":"BTCUSDT","p":"79346.10","q":"0.002","f":6020819982,"l":6020819982,"T":1740734172356,"m":false}
{"e":"aggTrade","E":1740734172361,"a":2594864085,"s":"BTCUSDT","p":"79346.20","q":"0.002","f":6020819983,"l":6020819983,"T":1740734172356,"m":false}
{"e":"aggTrade","E":1740734172361,"a":2594864086,"s":"BTCUSDT","p":"79346.50","q":"0.002","f":6020819984,"l":6020819984,"T":1740734172356,"m":false}
{"e":"aggTrade","E":1740734172361,"a":2594864087,"s":"BTCUSDT","p":"79346.60","q":"0.002","f":6020819985,"l":6020819985,"T":1740734172356,"m":false}
{"e":"aggTrade","E":1740734172362,"a":2594864088,"s":"BTCUSDT","p":"79346.70","q":"0.038","f":6020819986,"l":6020819988,"T":1740734172356,"m":false}
{"e":"aggTrade","E":1740734172365,"a":2594864089,"s":"BTCUSDT","p":"79347.20","q":"0.003","f":6020819989,"l":6020819989,"T":1740734172357,"m":false}
{"e":"aggTrade","E":1740734172365,"a":2594864090,"s":"BTCUSDT","p":"79347.80","q":"0.002","f":6020819990,"l":6020819990,"T":1740734172360,"m":false}
{"e":"aggTrade","E":1740734172365,"a":2594864091,"s":"BTCUSDT","p":"79348.10","q":"0.002","f":6020819991,"l":6020819991,"T":1740734172360,"m":false}
{"e":"aggTrade","E":1740734172365,"a":2594864092,"s":"BTCUSDT","p":"79348.20","q":"0.009","f":6020819992,"l":6020819994,"T":1740734172360,"m":false}